%YAML 1.1
%TAG !u! tag:unity3d.com,2011:
--- !u!244 &-8013382829938789150
AudioMixerEffectController:
  m_ObjectHideFlags: 3
  m_CorrespondingSourceObject: {fileID: 0}
  m_PrefabInstance: {fileID: 0}
  m_PrefabAsset: {fileID: 0}
  m_Name: 
  m_EffectID: 32693b135fa972144922b41a7605fcc3
  m_EffectName: Duck Volume
  m_MixLevel: e0753063854c2b948b93033f64d2387b
  m_Parameters:
  - m_ParameterName: Threshold
    m_GUID: 6a969882a5301da408e831913c29b15c
  - m_ParameterName: Ratio
    m_GUID: 89221c68524659a49ba658860994fd68
  - m_ParameterName: Attack Time
    m_GUID: 192825a15cbba124aa1a087d326550a2
  - m_ParameterName: Release Time
    m_GUID: 1373664bfe0877c4b8e0ba2d3815f74f
  - m_ParameterName: Make-up Gain
    m_GUID: 6eee491c8ed969740bc4ab22bf592ecb
  - m_ParameterName: Knee
    m_GUID: dcadfed41ff74cc47a5a9e4d16cad282
  - m_ParameterName: Sidechain Mix
    m_GUID: fa116c06767822945b4924696eb3d097
  m_SendTarget: {fileID: 0}
  m_EnableWetMix: 0
  m_Bypass: 0
--- !u!244 &-6299901437879425466
AudioMixerEffectController:
  m_ObjectHideFlags: 3
  m_CorrespondingSourceObject: {fileID: 0}
  m_PrefabInstance: {fileID: 0}
  m_PrefabAsset: {fileID: 0}
  m_Name: 
  m_EffectID: 576f0adc00e2a574db7bd5fb09cdb458
  m_EffectName: Attenuation
  m_MixLevel: 838539d5781d768428dcf65d1bbeb4a4
  m_Parameters: []
  m_SendTarget: {fileID: 0}
  m_EnableWetMix: 0
  m_Bypass: 0
--- !u!243 &-5750566077826584488
AudioMixerGroupController:
  m_ObjectHideFlags: 0
  m_CorrespondingSourceObject: {fileID: 0}
  m_PrefabInstance: {fileID: 0}
  m_PrefabAsset: {fileID: 0}
  m_Name: SFX
  m_AudioMixer: {fileID: 24100000}
  m_GroupID: 9f82e4942aad9794193cb8ba15578c58
  m_Children: []
  m_Volume: 86ff11c427a5fce49ae2a7bea916c77e
  m_Pitch: cdf33bcc930331847a2f8f15c5e770c9
  m_Send: 00000000000000000000000000000000
  m_Effects:
  - {fileID: -6299901437879425466}
  m_UserColorIndex: 0
  m_Mute: 0
  m_Solo: 0
  m_BypassEffects: 0
--- !u!244 &-5443046480314657417
AudioMixerEffectController:
  m_ObjectHideFlags: 3
  m_CorrespondingSourceObject: {fileID: 0}
  m_PrefabInstance: {fileID: 0}
  m_PrefabAsset: {fileID: 0}
  m_Name: 
  m_EffectID: 242393d0125bbb847a12ededb0a7b13f
  m_EffectName: SFX Reverb
  m_MixLevel: 2c7be1dca9dc15e409c2c5a0da0c1a33
  m_Parameters:
  - m_ParameterName: Dry Level
    m_GUID: 6087206b8047e864ebdfdc0219fa6cb5
  - m_ParameterName: Room
    m_GUID: b33815bb9a65ce64b94cc499c38734a6
  - m_ParameterName: Room HF
    m_GUID: daeb987c9c41c394abde2ce1cf82eaac
  - m_ParameterName: Decay Time
    m_GUID: 5a162be2ec019754e921c1b9bc37aed5
  - m_ParameterName: Decay HF Ratio
    m_GUID: 3ba50b274aeba4f4b9c409307345a2e3
  - m_ParameterName: Reflections
    m_GUID: 5da8283c0e2cdd44b995a17b94eab012
  - m_ParameterName: Reflect Delay
    m_GUID: 0bf92524d6a83804dac9b9245aff7c68
  - m_ParameterName: Reverb
    m_GUID: f1049615688ba184ca9ab103252aefee
  - m_ParameterName: Reverb Delay
    m_GUID: 42a332ba8ee0269438291ff397ae0f6b
  - m_ParameterName: Diffusion
    m_GUID: 560396968c5fd644b8d8ad44ffebe079
  - m_ParameterName: Density
    m_GUID: 58d349b954304804daa90b7b0589633a
  - m_ParameterName: HF Reference
    m_GUID: e074bb9d7b93aee4ab1f85279bca5912
  - m_ParameterName: Room LF
    m_GUID: 00ddbbc92aab0d1418ebc9d7f78fd3ce
  - m_ParameterName: LF Reference
    m_GUID: e1519fd42d7618847825d92e8f9b7d25
  m_SendTarget: {fileID: 0}
  m_EnableWetMix: 0
  m_Bypass: 0
--- !u!245 &-3171345413971066855
AudioMixerSnapshotController:
  m_ObjectHideFlags: 0
  m_CorrespondingSourceObject: {fileID: 0}
  m_PrefabInstance: {fileID: 0}
  m_PrefabAsset: {fileID: 0}
  m_Name: Snapshot _master_volume_normal
  m_AudioMixer: {fileID: 24100000}
  m_SnapshotID: 8dd7c62831459a747a6c4fa3808452cd
  m_FloatValues: {}
  m_TransitionOverrides: {}
--- !u!244 &-2997508430587978235
AudioMixerEffectController:
  m_ObjectHideFlags: 3
  m_CorrespondingSourceObject: {fileID: 0}
  m_PrefabInstance: {fileID: 0}
  m_PrefabAsset: {fileID: 0}
  m_Name: 
  m_EffectID: 29b57907bb78253408984ecec8d04ea9
  m_EffectName: Normalize
  m_MixLevel: 816c6447376b4dd4ca07895f51fb6b3a
  m_Parameters:
  - m_ParameterName: Fade in time
    m_GUID: 5c14b79905cbb234db9c3fc3183d9ba9
  - m_ParameterName: Lowest volume
    m_GUID: 55e8e0c0a58d6aa40a527374361b4432
  - m_ParameterName: Maximum amp
    m_GUID: 00c1d08f41bd70b4d820680556bc694e
  m_SendTarget: {fileID: 0}
  m_EnableWetMix: 0
  m_Bypass: 0
--- !u!244 &-1820556079917168670
AudioMixerEffectController:
  m_ObjectHideFlags: 3
  m_CorrespondingSourceObject: {fileID: 0}
  m_PrefabInstance: {fileID: 0}
  m_PrefabAsset: {fileID: 0}
  m_Name: 
  m_EffectID: 4083e7b7676e0574e9df497c73362a6f
  m_EffectName: Attenuation
  m_MixLevel: 6691ad960303a56478640d2cab65af3f
  m_Parameters: []
  m_SendTarget: {fileID: 0}
  m_EnableWetMix: 0
  m_Bypass: 0
--- !u!241 &24100000
AudioMixerController:
  m_ObjectHideFlags: 0
  m_CorrespondingSourceObject: {fileID: 0}
  m_PrefabInstance: {fileID: 0}
  m_PrefabAsset: {fileID: 0}
  m_Name: AudioMixer_Standart
  m_OutputGroup: {fileID: 0}
  m_MasterGroup: {fileID: 24300002}
  m_Snapshots:
  - {fileID: 24500006}
  - {fileID: -3171345413971066855}
  m_StartSnapshot: {fileID: 24500006}
  m_SuspendThreshold: -80
  m_EnableSuspend: 1
  m_UpdateMode: 0
  m_ExposedParameters:
  - guid: 8597e82831e377c4882050321a712164
    name: Volume
  m_AudioMixerGroupViews:
  - guids:
    - 8d71bb9683649b1438b6bb294bc9487b
    - eb1c884c19286194fa016927c79fb980
    - 9f82e4942aad9794193cb8ba15578c58
    name: 'Everything '
  - guids:
    - eb1c884c19286194fa016927c79fb980
    name: Music
  - guids:
    - 9f82e4942aad9794193cb8ba15578c58
    name: SFX
  m_CurrentViewIndex: 0
  m_TargetSnapshot: {fileID: 24500006}
--- !u!243 &24300002
AudioMixerGroupController:
  m_ObjectHideFlags: 0
  m_CorrespondingSourceObject: {fileID: 0}
  m_PrefabInstance: {fileID: 0}
  m_PrefabAsset: {fileID: 0}
  m_Name: Master
  m_AudioMixer: {fileID: 24100000}
  m_GroupID: 8d71bb9683649b1438b6bb294bc9487b
  m_Children:
  - {fileID: 1732471539076320562}
  - {fileID: -5750566077826584488}
  m_Volume: 8597e82831e377c4882050321a712164
  m_Pitch: 7f68cf4a3a6a43a4fb5cf8763138acac
  m_Send: 00000000000000000000000000000000
  m_Effects:
  - {fileID: 24400004}
  m_UserColorIndex: 1
  m_Mute: 0
  m_Solo: 0
  m_BypassEffects: 0
--- !u!244 &24400004
AudioMixerEffectController:
  m_ObjectHideFlags: 3
  m_CorrespondingSourceObject: {fileID: 0}
  m_PrefabInstance: {fileID: 0}
  m_PrefabAsset: {fileID: 0}
  m_Name: 
  m_EffectID: 2289cd2d593a71c4bbe5ad1cb05b082e
  m_EffectName: Attenuation
  m_MixLevel: 1b9afb8d7d5a4ce44b43b38ec9700150
  m_Parameters: []
  m_SendTarget: {fileID: 0}
  m_EnableWetMix: 0
  m_Bypass: 0
--- !u!245 &24500006
AudioMixerSnapshotController:
  m_ObjectHideFlags: 0
  m_CorrespondingSourceObject: {fileID: 0}
  m_PrefabInstance: {fileID: 0}
  m_PrefabAsset: {fileID: 0}
  m_Name: Snapshot_master_volume_below
  m_AudioMixer: {fileID: 24100000}
  m_SnapshotID: 2eb5fe7810f0e8244abbe5bca0f8ad83
  m_FloatValues:
    8597e82831e377c4882050321a712164: -21.302507
  m_TransitionOverrides: {}
--- !u!243 &1732471539076320562
AudioMixerGroupController:
  m_ObjectHideFlags: 0
  m_CorrespondingSourceObject: {fileID: 0}
  m_PrefabInstance: {fileID: 0}
  m_PrefabAsset: {fileID: 0}
  m_Name: Music
  m_AudioMixer: {fileID: 24100000}
  m_GroupID: eb1c884c19286194fa016927c79fb980
  m_Children: []
  m_Volume: 9e3cee3dc9ad6a04fbb04f9fa0c7d1d1
  m_Pitch: 8f690354ff15b42439b25cd4db5220a3
  m_Send: 00000000000000000000000000000000
  m_Effects:
  - {fileID: -1820556079917168670}
  m_UserColorIndex: 0
  m_Mute: 0
  m_Solo: 0
  m_BypassEffects: 0
